<?xml version="1.0" encoding="UTF-8"?>
<marc:collection xmlns:marc="http://www.loc.gov/MARC21/slim"
    xmlns:xsi="http://www.w3.org/2001/XMLSchema-instance"
    xsi:schemaLocation="http://www.loc.gov/MARC21/slim http://www.loc.gov/standards/marcxml/schema/MARC21slim.xsd">
    
    <!-- 33X microform carrier type -->
    <marc:record>
        <marc:leader>04179nam a2200853 i 4500</marc:leader>
        <marc:datafield tag="338" ind1=" " ind2=" ">
            <marc:subfield code="a">microfilm reel</marc:subfield>
            <marc:subfield code="b">hd</marc:subfield>
            <marc:subfield code="2">rdacarrier</marc:subfield>
        </marc:datafield>
    </marc:record>
    
    <!-- 33X microform media type -->
    <marc:record>
        <marc:leader>04179nam a2200853 i 4500</marc:leader>
        <marc:datafield tag="337" ind1=" " ind2=" ">
            <marc:subfield code="a">microform</marc:subfield>
            <marc:subfield code="b">h</marc:subfield>
            <marc:subfield code="2">rdamedia</marc:subfield>
        </marc:datafield>
    </marc:record>
    
    <!-- 008/23 BK -->
    <marc:record>
        <marc:leader>03407cam a2200661 i 4500</marc:leader>
        <marc:controlfield tag="008">150629s2015    dcu     bb    000 0 eng c</marc:controlfield>
    </marc:record>
    
    <!-- 008/23 CR -->
    <marc:record>
        <marc:leader>03847cas a2200745 i 4500</marc:leader>
        <marc:controlfield tag="008">150629s2015    dcu     ab    000 0 eng c</marc:controlfield>
    </marc:record>
    
    <!-- 008/29 MP -->
    <marc:record>
        <marc:leader>01702cem a2200421 a 4500</marc:leader>
        <marc:controlfield tag="008">890504s1925    dcudgj cp a  fa 0   eng d</marc:controlfield>
    </marc:record>
    
    <!-- 008/23 MU -->
    <marc:record>
        <marc:leader>04439cjm a2200949 a 4500</marc:leader>
        <marc:controlfield tag="008">060526s2006    enkppnn cfik      a und d</marc:controlfield>
    </marc:record>
    
    <!-- 008/23 MX -->
    <marc:record>
        <marc:leader>02782cpc a2200697 i 4500</marc:leader>
        <marc:controlfield tag="008">040428s2004    enk     a           eng  </marc:controlfield>
    </marc:record>
    
    <!-- 008/29 VM -->
    <marc:record>
        <marc:leader>04977cgm a2200937 i 4500</marc:leader>
        <marc:controlfield tag="008">170327t20152014cau083        b   vleng d</marc:controlfield>
    </marc:record>
    
    <!-- 007 h -->
    <marc:record>
        <marc:leader>01702cem a2200421 a 4500</marc:leader>
        <marc:controlfield tag="007">he bmb024bbca</marc:controlfield>
        <marc:controlfield tag="007">he bmb024bbca</marc:controlfield>
    </marc:record>
    
    <!-- 245 h -->
    <marc:record>
        <marc:leader>03407cam a2200661 i 4500</marc:leader>
        <marc:datafield tag="245" ind1="0" ind2="0">
            <marc:subfield code="h">micro</marc:subfield>
        </marc:datafield>
    </marc:record>