
    
    <!-- 245 h microscope (not microform) -->
    <marc:record>
        <marc:leader>03407cam a2200661 i 4500</marc:leader>
        <marc:datafield tag="245" ind1="0" ind2="0">
            <marc:subfield code="h">microscope</marc:subfield>
        </marc:datafield>
    </marc:record>
    
    <!-- 300 a -->
    <marc:record>
        <marc:leader>03407cam a2200661 i 4500</marc:leader>
        <marc:datafield tag="300" ind1=" " ind2=" ">
            <marc:subfield code="a">aperture card</marc:subfield>
        </marc:datafield>
    </marc:record>
    
    <!-- 533 a -->
    <marc:record>
        <marc:leader>03407cam a2200661 i 4500</marc:leader>
        <marc:datafield tag="533" ind1=" " ind2=" ">
            <marc:subfield code="a">Microfiche.</marc:subfield>
        </marc:datafield>
    </marc:record>
    
    <!-- 533 i -->
    <marc:record>
        <marc:leader>03407cam a2200661 i 4500</marc:leader>
        <marc:datafield tag="533" ind1=" " ind2=" ">
            <marc:subfield code="i">microopaque</marc:subfield>
        </marc:datafield>
    </marc:record>
    
    <!-- 583 a -->
    <marc:record>
        <marc:leader>03407cam a2200661 i 4500</marc:leader>
        <marc:datafield tag="583" ind1=" " ind2=" ">
            <marc:subfield code="a">aperture card</marc:subfield>
        </marc:datafield>
    </marc:record>
    
    <!-- 583 i -->
    <marc:record>
        <marc:leader>03407cam a2200661 i 4500</marc:leader>
        <marc:datafield tag="583" ind1=" " ind2=" ">
            <marc:subfield code="i">microfilm</marc:subfield>
        </marc:datafield>
    </marc:record>