
    
    
    <!-- edited to have carrier type not microform -->
    <marc:record>
        <marc:leader>03407cam a2200661 i 4500</marc:leader>
        <marc:controlfield tag="001">99161866301901452</marc:controlfield>
        <marc:controlfield tag="005">20231214213021.0</marc:controlfield>
        <marc:controlfield tag="007">he bmb024bbca</marc:controlfield>
        <marc:controlfield tag="008">150629s2015    dcu     bb    000 0 eng c</marc:controlfield>
        <marc:datafield tag="245" ind1="1" ind2="0">
            <marc:subfield code="a">Working conditions and factory auditing in the Chinese toy industry :</marc:subfield>
            <marc:subfield code="b">hearing before the Congressional-Executive Commission on China, One Hundred Thirteenth Congress, second session, December 11, 2014.</marc:subfield>
        </marc:datafield>
        <marc:datafield tag="264" ind1=" " ind2="1">
            <marc:subfield code="a">Washington :</marc:subfield>
            <marc:subfield code="b">U.S. Government Publishing Office,</marc:subfield>
            <marc:subfield code="c">2015.</marc:subfield>
        </marc:datafield>
        <marc:datafield tag="264" ind1=" " ind2="2">
            <marc:subfield code="a">Washington, DC :</marc:subfield>
            <marc:subfield code="b">For sale by the Superintendent of Documents, U.S. Government Publishing Office</marc:subfield>
        </marc:datafield>
        <marc:datafield tag="300" ind1=" " ind2=" ">
            <marc:subfield code="a">iii, 38 pages ;</marc:subfield>
            <marc:subfield code="c">24 cm</marc:subfield>
        </marc:datafield>
        <marc:datafield tag="336" ind1=" " ind2=" ">
            <marc:subfield code="a">text</marc:subfield>
            <marc:subfield code="b">txt</marc:subfield>
            <marc:subfield code="2">rdacontent</marc:subfield>
        </marc:datafield>
        <marc:datafield tag="337" ind1=" " ind2=" ">
            <marc:subfield code="a">microform</marc:subfield>
            <marc:subfield code="b">h</marc:subfield>
            <marc:subfield code="2">rdamedia</marc:subfield>
        </marc:datafield>
        <marc:datafield tag="338" ind1=" " ind2=" ">
            <marc:subfield code="a">volume</marc:subfield>
            <marc:subfield code="b">nc</marc:subfield>
            <marc:subfield code="2">rdacarrier</marc:subfield>
        </marc:datafield>
        <marc:datafield tag="533" ind1=" " ind2=" ">
            <marc:subfield code="a">Microfiche.</marc:subfield>
            <marc:subfield code="b">[Washington, D.C.] :</marc:subfield>
            <marc:subfield code="c">U.S. Government Printing Office,</marc:subfield>
            <marc:subfield code="d">[2015].</marc:subfield>
            <marc:subfield code="e">1 microfiche : negative.</marc:subfield>
        </marc:datafield>
    </marc:record>
    
</marc:collection>
